<record><leader>00000cas a2200000 a 4500</leader><controlfield tag="001">4979221</controlfield><controlfield tag="008">790518c19uu9999njumr ne      0   a0eng d</controlfield><datafield ind1=" " ind2=" " tag="010"><subfield code="a">sn 79000808 </subfield></datafield><datafield ind1=" " ind2=" " tag="040"><subfield code="a">NSD</subfield><subfield code="b">eng</subfield><subfield code="c">NSD</subfield><subfield code="d">ONP</subfield><subfield code="d">NYS</subfield><subfield code="d">OCL</subfield><subfield code="d">OCLCQ</subfield><subfield code="d">NLM</subfield><subfield code="d">TOH</subfield><subfield code="d">OCLCQ</subfield><subfield code="d">OCLCF</subfield><subfield code="d">OCLCO</subfield></datafield><datafield ind1=" " ind2=" " tag="012"><subfield code="k">1</subfield><subfield code="m">1</subfield></datafield><datafield ind1="7" ind2=" " tag="016"><subfield code="a">9881594</subfield><subfield code="2">DNLM</subfield></datafield><datafield ind1="1" ind2=" " tag="022"><subfield code="a">0049-0490</subfield><subfield code="l">0049-0490</subfield><subfield code="2">1</subfield></datafield><datafield ind1="1" ind2=" " tag="029"><subfield code="a">AU@</subfield><subfield code="b">000025424263</subfield></datafield><datafield ind1=" " ind2=" " tag="032"><subfield code="a">476410</subfield><subfield code="b">USPS</subfield></datafield><datafield ind1=" " ind2=" " tag="037"><subfield code="b">The Silent News, Inc., P.O. Box 584, Paramus, NJ 07652</subfield></datafield><datafield ind1=" " ind2=" " tag="042"><subfield code="a">nsdp</subfield><subfield code="a">msc</subfield></datafield><datafield ind1=" " ind2="4" tag="050"><subfield code="a">HV2350</subfield><subfield code="b">.S54</subfield></datafield><datafield ind1=" " ind2="0" tag="222"><subfield code="a">Silent news</subfield></datafield><datafield ind1="0" ind2="0" tag="245"><subfield code="a">Silent news.</subfield></datafield><datafield ind1=" " ind2=" " tag="260"><subfield code="a">Paramus, N.J. :</subfield><subfield code="b">Silent News</subfield></datafield><datafield ind1=" " ind2=" " tag="300"><subfield code="a">v.</subfield></datafield><datafield ind1=" " ind2=" " tag="310"><subfield code="a">Monthly</subfield></datafield><datafield ind1=" " ind2=" " tag="500"><subfield code="a">Published in Rochester, N.Y. &lt;1991-&gt;.</subfield></datafield><datafield ind1=" " ind2="4" tag="651"><subfield code="a">Paramus (N.J.)</subfield><subfield code="v">Newspapers.</subfield></datafield><datafield ind1=" " ind2="4" tag="651"><subfield code="a">Rochester (N.Y.)</subfield><subfield code="v">Newspapers.</subfield></datafield><datafield ind1=" " ind2="0" tag="650"><subfield code="a">Deaf</subfield><subfield code="x">Periodicals.</subfield></datafield><datafield ind1=" " ind2="7" tag="655"><subfield code="a">Periodicals.</subfield><subfield code="2">fast</subfield><subfield code="0">(OCoLC)fst01411641</subfield></datafield><datafield ind1=" " ind2="7" tag="650"><subfield code="a">Deaf.</subfield><subfield code="2">fast</subfield><subfield code="0">(OCoLC)fst00888436</subfield></datafield><datafield ind1=" " ind2=" " tag="752"><subfield code="a">United States</subfield><subfield code="b">New Jersey</subfield><subfield code="c">Bergen</subfield><subfield code="d">Paramus.</subfield></datafield><datafield ind1=" " ind2=" " tag="752"><subfield code="a">United States</subfield><subfield code="b">New York</subfield><subfield code="c">Monroe</subfield><subfield code="d">Rochester.</subfield></datafield><datafield ind1=" " ind2=" " tag="936"><subfield code="a">Mar. 1982</subfield></datafield></record>